@book{brown14makeitstick,
    title = {Make It Stick: The Science of Successful Learning},
    author = {Brown, Peter C and Roediger III, Henry L and McDaniel, Mark A},
    address = {Cambridge},
    edition = {1},
    isbn = {0674729013},
    year = {2014},
    keywords = {Cognition; Learning; Study skills},
    publisher = {Harvard University Press},
}

% Referenced in 08_Spacing
@article{karpicke11,
    title = {Spaced Retrieval: Absolute Spacing Enhances Learning Regardless of Relative Spacing},
    author = {Karpicke, Jeffrey and Bauernschmidt, Althea},
    year = {2011},
    month = {05},
    pages = {1250-7},
    volume = {37},
    journal = {Journal of experimental psychology. Learning, memory, and cognition},
    doi = {10.1037/a0023436},
}
